@article{stone2015,
  title   = {Introducing an approach for extracting temperature from aircraft GNSS and pressure altitude reports in ADS-B messages},
  author  = {Stone, Edmund Keith and Kitchen, Malcolm},
  journal = {Journal of Atmospheric and Oceanic Technology},
  volume  = {32},
  number  = {4},
  pages   = {736--743},
  doi     = {10.1175/JTECH-D-14-00192.1},
  year    = {2015}
}

@book{icao1983,
  title     = {Secondary Surveillance Radar Mode S Advisory Circular},
  author    = {{ICAO}},
  year      = {1983},
  publisher = {International Civil Aviation Organization}
}

@book{icao9871v1,
  title     = {Technical Provisions for Mode S Services and Extended Squitter},
  author    = {{ICAO}},
  year      = {2008},
  publisher = {International Civil Aviation Organization}
}

@book{icao9871v2,
  title     = {Technical Provisions for Mode S Services and Extended Squitter, 2nd Edition},
  author    = {{ICAO}},
  year      = {2012},
  publisher = {International Civil Aviation Organization}
}

@book{icaoA10V4,
  title     = {Annex 10 to the Convention on International Civil Aviation, Aeronautical Telecommunications},
  author    = {{ICAO}},
  year      = {2002},
  publisher = {International Civil Aviation Organization}
}

@article{orlando1989,
  title     = {The mode S beacon radar system},
  author    = {Orlando, Vincent A},
  journal   = {The Lincoln Laboratory Journal},
  volume    = {2},
  number    = {3},
  pages     = {345--362},
  year      = {1989},
  publisher = {Citeseer}
}

@article{doran2007,
  title   = {The Gray Code},
  author  = {Doran, Robert W},
  journal = {Journal of Universal Computer Science},
  volume  = {13},
  number  = {11},
  pages   = {1573--1597},
  year    = {2007}
}

@book{blythe2011,
  title     = {Ads-b implementation and operations guidance document},
  author    = {Blythe, W and Anderson, H and King, N},
  publisher = {International Civil Aviation Organization},
  year      = {2011}
}


@book{gray2019,
  title     = {Privacy Impact Assessment (PIA) - Federal Aviation Administration (FAA) Privacy ICAO Address System},
  author    = {Gray, David E and Barrett, Claire W},
  year      = {2019},
  publisher = {U.S. Department of Transportation}
}


@article{trim1990,
  title     = {Mode S: an introduction and overview (secondary surveillance radar)},
  author    = {Trim, RM},
  journal   = {Electronics \& Communication Engineering Journal},
  volume    = {2},
  number    = {2},
  pages     = {53--59},
  year      = {1990},
  publisher = {IET}
}

@techreport{gertz1984,
  title       = {Fundamentals of mode s parity coding},
  author      = {Gertz, Jeffrey L},
  year        = {1984},
  institution = {Massachusetts Institute of Technology, Lincoln Laboratory}
}

@techreport{decat2005,
  title       = {Mode S - Harmonisation of the Transition Arrangements for State Aircraft},
  author      = {De Cat, M},
  year        = {2005},
  institution = {European Organisationfor the Safety of Air Navigation}
}

@article{grappel2008,
  title   = {Elementary Surveillance (ELS) and Enhanced Surveillance (EHS) Validation via Mode S Secondary Radar Surveillance},
  author  = {Grappel, Robert D and Harris, Garrett S and Kozar, Mark J and Wiken, Randall T},
  journal = {Project Report ATC-337, Lincoln Lab., MIT},
  year    = {2008}
}


@article{sun2018mp,
  title     = {Weather field reconstruction using aircraft surveillance data and a novel meteo-particle model},
  author    = {Sun, Junzi and V{\^u}, Huy and Ellerbroek, Joost and Hoekstra, Jacco M},
  journal   = {PloS one},
  volume    = {13},
  number    = {10},
  pages     = {e0205029},
  year      = {2018},
  publisher = {Public Library of Science}
}


@article{sobolewski2003,
  title     = {Cyclic redundancy check},
  author    = {Sobolewski, John S},
  year      = {2003},
  publisher = {John Wiley and Sons Ltd.}
}

@article{rtca2011mops,
  title   = {Minimum operational performance standards for 1090MHz extended squitter automatic dependent surveillance-broadcast (ADS-B) and traffic information services-broadcast (TIS-B)[J]},
  author  = {RTCA},
  journal = {RTCA DO-260B},
  volume  = {1},
  number  = {1},
  pages   = {1365--1372},
  year    = {2011}
}


@book{grami2015,
  title     = {Introduction to Digital Communications},
  chapter   = {10: Error-Control Coding},
  author    = {Grami, Ali},
  year      = {2015},
  doi       = {10.1016/B978-0-12-407682-2.00010-7},
  publisher = {Academic Press}
}

@article{baker1989,
  title     = {Mode S system design and architecture},
  author    = {Baker, John L and Orlando, VA and Link, WB and Collins, WG},
  journal   = {Proceedings of the IEEE},
  volume    = {77},
  number    = {11},
  pages     = {1684--1694},
  year      = {1989},
  publisher = {IEEE}
}

@inproceedings{mandel2009,
  title     = {Investigating CRC Polynomials that Correct Burst Errors.},
  author    = {Mandel, Travis and Mache, Jens},
  booktitle = {ICWN},
  pages     = {632--637},
  year      = {2009}
}

@article{kasami1964,
  title     = {Some efficient shortened cyclic codes for burst-error correction (Corresp.)},
  author    = {Kasami, Tadao and Matoba, S},
  journal   = {IEEE Transactions on Information Theory},
  volume    = {10},
  number    = {3},
  pages     = {252--253},
  year      = {1964},
  doi       = {10.1109/TIT.1964.1053665},
  publisher = {IEEE}
}

@book{mazda2014,
  title     = {Telecommunications engineer's reference book},
  author    = {Mazda, Fraidoon},
  year      = {2014},
  publisher = {Butterworth-Heinemann}
}

@article{rtca2002uat,
  title   = {Minimum Operational Performance Standards for Universal Access Transceiver (UAT) automatic dependent surveillance--broadcast},
  author  = {RTCA},
  journal = {RTCA DO-282A},
  year    = {2002}
}

@article{dehaan2014,
  title   = {Availability and quality of Mode S MRAR (BDS4. 4) in the MUAC area: a first study},
  author  = {{de Haan}, Siebren},
  journal = {KNMI, the Netherlands},
  pages   = {2014--01},
  year    = {2014}
}

@article{sun2019pymodes,
  title     = {pymodes: Decoding Mode S Surveillance Data for Open Air Transportation Research},
  author    = {Sun, Junzi and V{\^u}, Huy and Ellerbroek, Joost and Hoekstra, Jacco M},
  journal   = {IEEE Transactions on Intelligent Transportation Systems},
  doi       = {10.1109/TITS.2019.2914770},
  year      = {2019},
  publisher = {IEEE}
}


@article{chulliat2015,
  title     = {The US/UK world magnetic model for 2015-2020},
  author    = {Chulliat, Arnaud and Macmillan, Susan and Alken, Patrick and Beggan, Ciaran and Nair, Manoj and Hamilton, Brian and Woods, Adam and Ridley, Victoria and Maus, Stefan and Thomson, Alan},
  year      = {2015},
  publisher = {BGS and NOAA}
}

@techreport{icao9688,
  title     = {{Manual on Mode S Specific Services, 2nd Edition}},
  author    = {{ICAO}},
  year      = {2004},
  number    = {Doc 9688, AN/952},
  publisher = {International Civil Aviation Organization}
}


@inproceedings{schafer2019,
  title     = {OpenSky Report 2019: Analysing TCAS in the Real World using Big Data},
  author    = {Sch{\"a}fer, Matthias and Olive, Xavier and Strohmeier, Martin and Smith, Matthew and Martinovic, Ivan and Lenders, Vincent},
  booktitle = {38th Digital Avionics Systems Conference (DASC)},
  year      = {2019}
}

@book{young2017,
  author    = {Young, Trevor M},
  publisher = {John Wiley {\&} Sons},
  title     = {{Performance of the Jet Transport Airplane: Analysis Methods, Flight Operations, and Regulations}},
  year      = {2017}
}

@article{carlitz1932,
  title     = {The arithmetic of polynomials in a Galois field},
  author    = {Carlitz, Leonard},
  journal   = {American Journal of Mathematics},
  volume    = {54},
  number    = {1},
  pages     = {39--50},
  year      = {1932},
  publisher = {JSTOR}
}

@inproceedings{schafer2014opensky,
  title        = {Bringing up OpenSky: A large-scale ADS-B sensor network for research},
  author       = {Sch{\"a}fer, Matthias and Strohmeier, Martin and Lenders, Vincent and Martinovic, Ivan and Wilhelm, Matthias},
  booktitle    = {IPSN-14 Proceedings of the 13th International Symposium on Information Processing in Sensor Networks},
  pages        = {83--94},
  year         = {2014},
  organization = {IEEE}
}

@inproceedings{sun2019pyopensky,
  title     = {Integrating pyModeS and OpenSky Historical Database},
  author    = {Sun, J and Hoekstra, JM},
  doi       = {10.29007/mmsb},
  booktitle = {Proceedings of the 7th OpenSky Workshop 2019},
  volume    = {67},
  year      = {2019}
}

@inproceedings{sun2020rf,
  title     = {Analyzing Aircraft Surveillance Signal Quality at the 1090 Megahertz Radio Frequency},
  author    = {Sun, J and Hoekstra, JM},
  booktitle = {Proceedings of the 9th International Conference for Research in Air Transportation},
  year      = {2020}
}

@inproceedings{noschese2011,
  title        = {Ads-b via iridium next satellites},
  author       = {Noschese, Paolo and Porfili, Silvia and Di Girolamo, Sergio},
  booktitle    = {Digital Communications-Enhanced Surveillance of Aircraft and Vehicles (TIWDC/ESAV), 2011 Tyrrhenian International Workshop on},
  pages        = {213--218},
  year         = {2011},
  organization = {IEEE}
}

@inproceedings{kaune2012,
  title        = {Wide area multilateration using ADS-B transponder signals},
  author       = {Kaune, Regina and Steffes, Christian and Rau, Sven and Konle, Wolfgang and Pagel, Juergen},
  booktitle    = {Information Fusion (FUSION), 2012 15th International Conference on},
  pages        = {727--734},
  year         = {2012},
  organization = {IEEE}
}

@article{olive2019,
  doi       = {10.21105/joss.01518},
  year      = {2019},
  publisher = {The Open Journal},
  volume    = {4},
  number    = {39},
  pages     = {1518},
  author    = {Xavier Olive},
  title     = {traffic, a toolbox for processing and analysing air traffic data},
  journal   = {Journal of Open Source Software}
}

@article{chomik2016,
  title   = {The future of collision avoidance--ACAS X},
  author  = {Chomik, Gabriel},
  journal = {International Journal of Engineering Trends and Technology},
  volume  = {39},
  number  = {5},
  pages   = {284--287},
  year    = {2016}
}
